<?xml version="1.0" encoding="UTF-8"?><record xmlns="http://www.loc.gov/MARC21/slim" xmlns:cinclude="http://apache.org/cocoon/include/1.0" xmlns:zs="http://www.loc.gov/zing/srw/">
  <leader>00466nz  a2200121n  4500</leader>
  <controlfield tag="001">no 90014183 </controlfield>
  <controlfield tag="003">DLC</controlfield>
  <controlfield tag="005">19900810054947.1</controlfield>
  <controlfield tag="008">900711n| acannaab|          |n ana     c</controlfield>
  <datafield tag="010" ind1=" " ind2=" ">
    <subfield code="a">no 90014183 </subfield>
  </datafield>
  <datafield tag="040" ind1=" " ind2=" ">
    <subfield code="a">Tx</subfield>
    <subfield code="c">Tx</subfield>
  </datafield>
  <datafield tag="110" ind1="2" ind2="0">
    <subfield code="a">Texas Higher Education Coordinating Board.</subfield>
    <subfield code="b">Division of Universities and Health Affairs</subfield>
  </datafield>
  <datafield tag="670" ind1=" " ind2=" ">
    <subfield code="a">Its Course inventory update procedures ... 1989?:</subfield>
    <subfield code="b">t.p. (Division of Universities and Health Affairs, Texas Higher Education Coordinating Board)</subfield>
  </datafield>
</record>